@article{rosindell2011unified,
  title={The unified neutral theory of biodiversity and biogeography at age ten},
  author={Rosindell, James and Hubbell, Stephen P and Etienne, Rampal S},
  journal={Trends in ecology \& evolution},
  volume={26},
  number={7},
  pages={340--348},
  year={2011},
  publisher={Elsevier}
}

@article{o2009integrative,
  title={An integrative framework for stochastic, size-structured community assembly},
  author={O'Dwyer, JP and Lake, JK and Ostling, A and Savage, VM and Green, JL},
  journal={Proceedings of the National Academy of Sciences},
  volume={106},
  number={15},
  pages={6170--6175},
  year={2009},
  publisher={National Acad Sciences}
}

@Book{sibly2012metabolic,
 author = {Sibly, R. M.},
 title = {Metabolic ecology : a scaling approach},
 publisher = {Wiley-Blackwell},
 year = {2012},
 address = {Chichester, West Sussex Hoboken, NJ},
 isbn = {9780470671528}
}

@article{halley2011neutral,
  title={Neutral theory as a predictor of avifaunal extinctions after habitat loss},
  author={Halley, John M and Iwasa, Yoh},
  journal={Proceedings of the National Academy of Sciences},
  volume={108},
  number={6},
  pages={2316--2321},
  year={2011},
  publisher={National Acad Sciences}
}

@article{he2011species,
  title={Species-area relationships always overestimate extinction rates from habitat loss},
  author={He, Fangliang and Hubbell, Stephen P},
  journal={Nature},
  volume={473},
  number={7347},
  pages={368--371},
  year={2011},
  publisher={Nature Publishing Group}
}

@article{tittensor2016neutral,
  title={A neutral-metabolic theory of latitudinal biodiversity},
  author={Tittensor, Derek P and Worm, Boris},
  journal={Global Ecology and Biogeography},
  volume={25},
  number={6},
  pages={630--641},
  year={2016},
  publisher={Wiley Online Library}
}

ï»¿@article {Jablonski102,
	author = {Jablonski, David and Roy, Kaustuv and Valentine, James W.},
	title = {Out of the Tropics: Evolutionary Dynamics of the Latitudinal Diversity Gradient},
	volume = {314},
	number = {5796},
	pages = {102--106},
	year = {2006},
	doi = {10.1126/science.1130880},
	publisher = {American Association for the Advancement of Science},
	journal = {Science}
}
