@article{savage2004effects,
  title={Effects of body size and temperature on population growth},
  author={Savage, Van M and Gillooly, James F and Brown, James H and West, Geoffrey B and Charnov, Eric L},
  journal={The American Naturalist},
  volume={163},
  number={3},
  pages={429--441},
  year={2004},
  publisher={The University of Chicago Press}
}

@article{brown2004toward,
  title={Toward a metabolic theory of ecology},
  author={Brown, James H and Gillooly, James F and Allen, Andrew P and Savage, Van M and West, Geoffrey B},
  journal={Ecology},
  volume={85},
  number={7},
  pages={1771--1789},
  year={2004},
  publisher={Wiley Online Library}
}

@misc{HubbellStephenP2011UNTo,
series = "Monographs in Population Biology",
issn = "0-691-02128-7",
abstract = "Despite its supreme importance and the threat of its global crash, biodiversity remains poorly understood both empirically and theoretically. This ambitious book presents a new, general neutral theory to explain the origin, maintenance, and loss of biodiversity in a biogeographic context. Until now biogeography (the study of the geographic distribution of species) and biodiversity (the study of species richness and relative species abundance) have had largely disjunct intellectual histories. In this book, Stephen Hubbell develops a formal mathematical theory that unifies these two fields.",
publisher = "Princeton University Press",
isbn = "9786613134738",
year = "2011",
title = "Unified Neutral Theory of Biodiversity and Biogeography (MPB-32)",
language = "eng",
address = "Princeton",
author = "Hubbell, Stephen P",
keywords = "Biodiversity; Biogeography; Earth & Environmental Sciences; Ecology; Electronic books",
}

@article{rosindell2008coalescence,
  title={A coalescence approach to spatial neutral ecology},
  author={Rosindell, James and Wong, Yan and Etienne, Rampal S},
  journal={Ecological Informatics},
  volume={3},
  number={3},
  pages={259--271},
  year={2008},
  publisher={Elsevier}
}

@article{rosindell2011unified,
  title={The unified neutral theory of biodiversity and biogeography at age ten},
  author={Rosindell, James and Hubbell, Stephen P and Etienne, Rampal S},
  journal={Trends in ecology \& evolution},
  volume={26},
  number={7},
  pages={340--348},
  year={2011},
  publisher={Elsevier}
}

@article{enquist1998allometric,
  title={Allometric scaling of plant energetics and population density},
  author={Enquist, Brian J and Brown, James H and West, Geoffrey B},
  journal={Nature},
  volume={395},
  number={6698},
  pages={163},
  year={1998},
  publisher={Nature Publishing Group}
}

@article{damuth1987interspecific,
  title={Interspecific allometry of population density in mammals and other animals: the independence of body mass and population energy-use},
  author={Damuth, John},
  journal={Biological Journal of the Linnean Society},
  volume={31},
  number={3},
  pages={193--246},
  year={1987},
  publisher={Oxford University Press}
}

@book{2012Me:a,
publisher = "Wiley-Blackwell",
isbn = "9780470671528",
year = "2012",
title = "Metabolic ecology : a scaling approach",
language = "eng",
address = "Oxford",
keywords = "Metabolism; Ecology",
}

@article{gillooly2001effects,
  title={Effects of size and temperature on metabolic rate},
  author={Gillooly, James F and Brown, James H and West, Geoffrey B and Savage, Van M and Charnov, Eric L},
  journal={science},
  volume={293},
  number={5538},
  pages={2248--2251},
  year={2001},
  publisher={American Association for the Advancement of Science}
}

@article{allen2006kinetic,
  title={Kinetic effects of temperature on rates of genetic divergence and speciation},
  author={Allen, Andrew P and Gillooly, James F and Savage, Van M and Brown, James H},
  journal={Proceedings of the National Academy of Sciences},
  volume={103},
  number={24},
  pages={9130--9135},
  year={2006},
  publisher={National Acad Sciences}
}

@article{dell2011systematic,
  title={Systematic variation in the temperature dependence of physiological and ecological traits},
  author={Dell, Anthony I and Pawar, Samraat and Savage, Van M},
  journal={Proceedings of the National Academy of Sciences},
  volume={108},
  number={26},
  pages={10591--10596},
  year={2011},
  publisher={National Acad Sciences}
}

@book{AngillettaMichaelJ.MichaelJames2009Ta:a,
publisher = "Oxford University Press",
isbn = "0198570880",
year = "2009",
title = "Thermal adaptation : a theoretical and empirical synthesis",
language = "eng",
address = "Oxford",
author = "Angilletta, Michael J. (Michael James)",
keywords = "Heat adaptation",
lccn = "2009284565",
}

@article{McCain2010a,
abstract = {John Wiley and Sons, Chichester, UK.},
annote = {NULL},
author = {McCain, CM and Grytnes, JA},
doi = {10.1002/9780470015902.a0022548},
file = {:home/cmee21/Documents/Mendeley Desktop/McCain, Grytnes/McCain, Grytnes - 2010 - Elevational gradients in species richness.pdf:pdf},
isbn = {9780470015902},
issn = {13669516},
journal = {Encyclopedia of life sciences (eLS)},
number = {August 2016},
pages = {1--10},
title = {{Elevational gradients in species richness}},
url = {http://onlinelibrary.wiley.com/doi/10.1002/9780470015902.a0022548/full},
year = {2010}
}

@article{rahbek1995elevational,
  title={The elevational gradient of species richness: a uniform pattern?},
  author={Rahbek, Carsten},
  journal={Ecography},
  volume={18},
  number={2},
  pages={200--205},
  year={1995},
  publisher={Wiley Online Library}
}

@article{rahbek2005role,
  title={The role of spatial scale and the perception of large-scale species-richness patterns},
  author={Rahbek, Carsten},
  journal={Ecology letters},
  volume={8},
  number={2},
  pages={224--239},
  year={2005},
  publisher={Wiley Online Library}
}

@article{mccain2007could,
  title={Could temperature and water availability drive elevational species richness patterns? A global case study for bats},
  author={McCain, Christy M},
  journal={Global Ecology and Biogeography},
  volume={16},
  number={1},
  pages={1--13},
  year={2007},
  publisher={Wiley Online Library}
}

@article{o1993climatic,
  title={Climatic gradients in woody plant species richness: towards an explanation based on an analysis of southern Africa's woody flora},
  author={O'Brien, Eileen M},
  journal={Journal of Biogeography},
  pages={181--198},
  year={1993},
  publisher={JSTOR}
}

@article{mccain2005elevational,
  title={Elevational gradients in diversity of small mammals},
  author={McCain, Christy M},
  journal={Ecology},
  volume={86},
  number={2},
  pages={366--372},
  year={2005},
  publisher={Wiley Online Library}
}

@article{rahbek1997relationship,
  title={The relationship among area, elevation, and regional species richness in neotropical birds},
  author={Rahbek, Carsten},
  journal={The American Naturalist},
  volume={149},
  number={5},
  pages={875--902},
  year={1997},
  publisher={The University of Chicago Press}
}

@book{rosenzweig1995species,
  title={Species diversity in space and time},
  author={Rosenzweig, Michael L},
  year={1995},
  publisher={Cambridge University Press}
}

@book{gaston2008pattern,
  title={Pattern and process in macroecology},
  author={Gaston, Kevin and Blackburn, Tim},
  year={2008},
  publisher={John Wiley \& Sons}
}

@article{brown2004toward,
  title={Toward a metabolic theory of ecology},
  author={Brown, James H and Gillooly, James F and Allen, Andrew P and Savage, Van M and West, Geoffrey B},
  journal={Ecology},
  volume={85},
  number={7},
  pages={1771--1789},
  year={2004},
  publisher={Wiley Online Library}
}

